@Article{tidyverse,
    title = {Welcome to the {tidyverse}},
    author = {Hadley Wickham and Mara Averick and Jennifer Bryan and Winston Chang and Lucy D'Agostino McGowan and Romain Fran\c{c}ois and Garrett Grolemund and Alex Hayes and Lionel Henry and Jim Hester and Max Kuhn and Thomas Lin Pedersen and Evan Miller and Stephan Milton Bache and Kirill M{\"u}ller and Jeroen Ooms and David Robinson and Dana Paige Seidel and Vitalie Spinu and Kohske Takahashi and Davis Vaughan and Claus Wilke and Kara Woo and Hiroaki Yutani},
    year = {2019},
    journal = {Journal of Open Source Software},
    volume = {4},
    number = {43},
    pages = {1686},
    doi = {10.21105/joss.01686},
  }
  
@article{Kasdin25,
  title={Natural behaviour is learned through dopamine-mediated reinforcement},
  author={Kasdin, Jonathan and Duffy, Alison and Nadler, Nathan and Raha, Arnav and Fairhall, Adrienne L and Stachenfeld, Kimberly L and Gadagkar, Vikram},
  journal={Nature},
  pages={1--8},
  year={2025},
  publisher={Nature Publishing Group UK London}
}

  @Manual{pwr,
    title = {pwr: {B}asic Functions for Power Analysis},
    author = {Stephane Champely},
    year = {2020},
    note = {R package version 1.3-0},
    url = {https://CRAN.R-project.org/package=pwr},
  }
  
@Article{effectsize,
    title = {{e}ffectsize: Estimation of Effect Size Indices and Standardized Parameters},
    author = {Mattan S. Ben-Shachar and Daniel LÃ¼decke and Dominique Makowski},
    year = {2020},
    journal = {Journal of Open Source Software},
    volume = {5},
    number = {56},
    pages = {2815},
    publisher = {The Open Journal},
    doi = {10.21105/joss.02815},
    url = {https://doi.org/10.21105/joss.02815},
  }
  
@Manual{e1071,
    title = {e1071: Misc Functions of the Department of Statistics, Probability
Theory Group (Formerly: E1071), TU Wien},
    author = {David Meyer and Evgenia Dimitriadou and Kurt Hornik and Andreas Weingessel and Friedrich Leisch},
    year = {2024},
    note = {R package version 1.7-16},
    url = {https://CRAN.R-project.org/package=e1071},
  }
  
@Manual{xtable,
    title = {xtable: Export Tables to LaTeX or HTML},
    author = {David B. Dahl and David Scott and Charles Roosen and Arni Magnusson and Jonathan Swinton},
    year = {2019},
    note = {R package version 1.8-4},
    url = {https://CRAN.R-project.org/package=xtable},
  }